<record><leader>00000cas a22000007a 4500</leader><controlfield tag="001">12732213</controlfield><controlfield tag="008">851029d18471858nyuwr ne      0    0eng d</controlfield><datafield ind1=" " ind2=" " tag="010"><subfield code="a">sn 85026901 </subfield></datafield><datafield ind1=" " ind2=" " tag="040"><subfield code="a">NPX</subfield><subfield code="b">eng</subfield><subfield code="c">NPX</subfield><subfield code="d">NYS</subfield><subfield code="d">OCL</subfield><subfield code="d">UKMGB</subfield><subfield code="d">OCLCQ</subfield><subfield code="d">OCLCF</subfield><subfield code="d">OCLCO</subfield></datafield><datafield ind1="7" ind2=" " tag="016"><subfield code="a">013914622</subfield><subfield code="2">Uk</subfield></datafield><datafield ind1="1" ind2=" " tag="029"><subfield code="a">AU@</subfield><subfield code="b">000020124767</subfield></datafield><datafield ind1=" " ind2=" " tag="042"><subfield code="a">msc</subfield></datafield><datafield ind1=" " ind2=" " tag="043"><subfield code="a">n-us-ny</subfield></datafield><datafield ind1="0" ind2="4" tag="245"><subfield code="a">The Ogdensburgh sentinel.</subfield></datafield><datafield ind1=" " ind2=" " tag="260"><subfield code="a">Ogdensburgh, N.Y. :</subfield><subfield code="b">J.M.A. Estey</subfield></datafield><datafield ind1=" " ind2=" " tag="300"><subfield code="a">v.</subfield></datafield><datafield ind1=" " ind2=" " tag="310"><subfield code="a">Weekly</subfield></datafield><datafield ind1="1" ind2=" " tag="362"><subfield code="a">Began in June 1847; ceased in 1858.</subfield><subfield code="z">Cf. French, J.H. Gazetteer of the state of N.Y., 1860.</subfield></datafield><datafield ind1=" " ind2=" " tag="500"><subfield code="a">Published by Stillman Foote, &lt;1858&gt;.</subfield></datafield><datafield ind1=" " ind2=" " tag="580"><subfield code="a">Absorbed by: Weekly journal (Ogdensburg, N.Y.). Cf. French, J.H. Gazetteer of the state of N.Y., 1860.</subfield></datafield><datafield ind1=" " ind2=" " tag="588"><subfield code="a">Description based on: Vol. 4, no. 88 (Dec. 15, 1847).</subfield></datafield><datafield ind1=" " ind2=" " tag="588"><subfield code="a">Latest issue consulted: Vol. 15, no. 31 (Oct. 12, 1858).</subfield></datafield><datafield ind1=" " ind2="0" tag="651"><subfield code="a">Ogdensburg (N.Y.)</subfield><subfield code="v">Newspapers.</subfield></datafield><datafield ind1=" " ind2="0" tag="651"><subfield code="a">Saint Lawrence County (N.Y.)</subfield><subfield code="v">Newspapers.</subfield></datafield><datafield ind1=" " ind2="7" tag="655"><subfield code="a">Newspapers.</subfield><subfield code="2">fast</subfield><subfield code="0">(OCoLC)fst01423814</subfield></datafield><datafield ind1=" " ind2="7" tag="651"><subfield code="a">New York (State)</subfield><subfield code="z">Ogdensburg.</subfield><subfield code="2">fast</subfield><subfield code="0">(OCoLC)fst01205287</subfield></datafield><datafield ind1=" " ind2="7" tag="651"><subfield code="a">New York (State)</subfield><subfield code="z">Saint Lawrence County.</subfield><subfield code="2">fast</subfield><subfield code="0">(OCoLC)fst01202920</subfield></datafield><datafield ind1=" " ind2=" " tag="752"><subfield code="a">United States</subfield><subfield code="b">New York</subfield><subfield code="c">Saint Lawrence</subfield><subfield code="d">Ogdensburg.</subfield></datafield><datafield ind1="0" ind2=" " tag="775"><subfield code="t">Daily sentinel (Ogdensburg, N.Y.)</subfield><subfield code="w">(DLC)sn 84035835</subfield></datafield><datafield ind1="0" ind2="0" tag="780"><subfield code="t">Frontier sentinel (Ogdensburg, N.Y.)</subfield><subfield code="w">(DLC)sn 88074036</subfield><subfield code="w">(OCoLC)17307161</subfield></datafield><datafield ind1="0" ind2="5" tag="780"><subfield code="t">St. Lawrence free press</subfield><subfield code="g">1854</subfield><subfield code="w">(DLC)sn 85042636</subfield><subfield code="w">(OCoLC)12757381</subfield></datafield><datafield ind1="1" ind2="4" tag="785"><subfield code="t">Weekly journal (Ogdensburg, N.Y.)</subfield><subfield code="w">(DLC)sn 83031467</subfield></datafield></record>